<?xml version="1.0" encoding="UTF-8"?><collection xmlns="http://www.loc.gov/MARC21/slim"><record><leader>00326nam--2200121-i-4500</leader><controlfield tag="001">000007062</controlfield><controlfield tag="002">20161230</controlfield><controlfield tag="005">20161230201027</controlfield><controlfield tag="008">060222s1000------------r-----000-0-eng-d</controlfield><datafield ind1=" " ind2=" " tag="100"><subfield code="a">Chomel Noelle</subfield></datafield><datafield ind1=" " ind2=" " tag="245"><subfield code="a">Dosage du soufre et du phosphore par radioacti vation</subfield></datafield><datafield ind1=" " ind2=" " tag="260"><subfield code="a">Lyon, Faculte Des Sciences, 1964. 40 P</subfield></datafield><datafield ind1=" " ind2=" " tag="852"><subfield code="a">20709</subfield></datafield></record></collection>